<record><leader>00000cas a22000007a 4500</leader><controlfield tag="001">11459619</controlfield><controlfield tag="008">841206d19841992mnuwr ne      0   a0eng d</controlfield><controlfield tag="009">467</controlfield><datafield ind1=" " ind2=" " tag="010"><subfield code="a">sn 84002061 </subfield></datafield><datafield ind1=" " ind2=" " tag="040"><subfield code="a">NSD</subfield><subfield code="b">eng</subfield><subfield code="c">NSD</subfield><subfield code="d">MN#</subfield><subfield code="d">NSD</subfield><subfield code="d">DLC</subfield><subfield code="d">NSD</subfield><subfield code="d">OCLCQ</subfield></datafield><datafield ind1=" " ind2=" " tag="012"><subfield code="j">2</subfield><subfield code="m">d</subfield></datafield><datafield ind1="1" ind2=" " tag="022"><subfield code="a">8750-4693</subfield><subfield code="l">8750-4693</subfield><subfield code="2">1</subfield></datafield><datafield ind1="1" ind2=" " tag="029"><subfield code="a">AU@</subfield><subfield code="b">000043212797</subfield></datafield><datafield ind1=" " ind2=" " tag="037"><subfield code="b">The News Herald, PO Box 248, Eagle Bend, MN 56446</subfield></datafield><datafield ind1=" " ind2=" " tag="042"><subfield code="a">nsdp</subfield><subfield code="a">msc</subfield></datafield><datafield ind1=" " ind2=" " tag="043"><subfield code="a">n-us-mn</subfield></datafield><datafield ind1=" " ind2=" " tag="052"><subfield code="a">4144</subfield><subfield code="b">E13</subfield></datafield><datafield ind1=" " ind2=" " tag="052"><subfield code="a">4143</subfield><subfield code="b">T6</subfield></datafield><datafield ind1="0" ind2=" " tag="130"><subfield code="a">News herald (Eagle Bend, Minn.)</subfield></datafield><datafield ind1=" " ind2="4" tag="222"><subfield code="a">The News herald</subfield><subfield code="b">(Eagle Bend, Minn.)</subfield></datafield><datafield ind1="0" ind2="4" tag="245"><subfield code="a">The news herald.</subfield></datafield><datafield ind1="3" ind2="0" tag="246"><subfield code="a">Eagle Bend news, Bertha herald</subfield></datafield><datafield ind1="3" ind2="0" tag="246"><subfield code="a">Eagle Bend Bertha news herald</subfield></datafield><datafield ind1=" " ind2=" " tag="260"><subfield code="a">Eagle Bend, Mn. :</subfield><subfield code="b">Ernest &amp; Diane Silbernagel,</subfield><subfield code="c">1984-</subfield></datafield><datafield ind1=" " ind2=" " tag="310"><subfield code="a">Weekly</subfield></datafield><datafield ind1="0" ind2=" " tag="362"><subfield code="a">Vol. 1, no. 1 (Oct. 31, 1984)-</subfield></datafield><datafield ind1="1" ind2=" " tag="362"><subfield code="a">Ceased in 1992.</subfield></datafield><datafield ind1=" " ind2=" " tag="500"><subfield code="a">At head of title: Eagle Bend, Bertha.</subfield></datafield><datafield ind1=" " ind2=" " tag="580"><subfield code="a">Merged with: Clarissa independent; to form: Independent news herald.</subfield></datafield><datafield ind1=" " ind2="0" tag="651"><subfield code="a">Eagle Bend (Minn.)</subfield><subfield code="v">Newspapers.</subfield></datafield><datafield ind1=" " ind2=" " tag="752"><subfield code="a">United States</subfield><subfield code="b">Minnesota</subfield><subfield code="c">Todd</subfield><subfield code="d">Eagle Bend.</subfield></datafield><datafield ind1="0" ind2="4" tag="780"><subfield code="t">Eagle bend news</subfield><subfield code="w">(DLC)sn 91059127</subfield><subfield code="w">(OCoLC)1567173</subfield></datafield><datafield ind1="0" ind2="4" tag="780"><subfield code="t">Bertha herald</subfield><subfield code="w">(DLC)sn 91059346</subfield></datafield><datafield ind1="1" ind2="7" tag="785"><subfield code="t">Clarissa independent</subfield><subfield code="w">(DLC)sn 91059126</subfield><subfield code="w">(OCoLC)1554823</subfield></datafield><datafield ind1="1" ind2="7" tag="785"><subfield code="t">Independent news herald</subfield><subfield code="x">1065-0628</subfield><subfield code="w">(DLC)sn 92006172</subfield></datafield></record>